<record><leader>00000cas a2200000 a 4500</leader><controlfield tag="001">13115028</controlfield><controlfield tag="008">860206d18841885iauwr ne      0    0eng d</controlfield><datafield ind1=" " ind2=" " tag="010"><subfield code="a">sn 86063085 </subfield></datafield><datafield ind1=" " ind2=" " tag="040"><subfield code="a">KSH</subfield><subfield code="b">eng</subfield><subfield code="c">KSH</subfield><subfield code="d">NPT</subfield><subfield code="d">INP</subfield><subfield code="d">OCL</subfield><subfield code="d">OCLCQ</subfield></datafield><datafield ind1=" " ind2=" " tag="042"><subfield code="a">msc</subfield></datafield><datafield ind1="0" ind2=" " tag="130"><subfield code="a">Times (Des Moines, Iowa : 1884)</subfield></datafield><datafield ind1="1" ind2="0" tag="245"><subfield code="a">Times.</subfield></datafield><datafield ind1=" " ind2=" " tag="260"><subfield code="a">Des Moines, Iowa :</subfield><subfield code="b">[H.R. Persinger],</subfield><subfield code="c">1884-1885.</subfield></datafield><datafield ind1=" " ind2=" " tag="300"><subfield code="a">v. :</subfield><subfield code="b">ill. ;</subfield><subfield code="c">56 cm.</subfield></datafield><datafield ind1=" " ind2=" " tag="310"><subfield code="a">Weekly</subfield></datafield><datafield ind1="0" ind2=" " tag="362"><subfield code="a">No. 62 (Dec. 6, 1884)-no. 78 (Mar. 28, 1885).</subfield></datafield><datafield ind1=" " ind2=" " tag="500"><subfield code="a">Includes supplements.</subfield></datafield><datafield ind1=" " ind2=" " tag="752"><subfield code="a">United States</subfield><subfield code="b">Iowa</subfield><subfield code="c">Polk</subfield><subfield code="d">Des Moines.</subfield></datafield><datafield ind1="0" ind2="0" tag="780"><subfield code="t">Persinger's times</subfield><subfield code="w">(DLC)sn 87057135</subfield></datafield><datafield ind1="0" ind2="0" tag="785"><subfield code="t">Persinger's Saturday times (Des Moines, Iowa : 1885)</subfield><subfield code="w">(DLC)sn 87057136</subfield></datafield></record>